<record><leader>00000cas a22000007a 4500</leader><controlfield tag="001">15671545</controlfield><controlfield tag="008">870512d19231928pauwr ne      0    0eng d</controlfield><controlfield tag="009">5601</controlfield><datafield ind1=" " ind2=" " tag="010"><subfield code="a">sn 87080224 </subfield></datafield><datafield ind1=" " ind2=" " tag="040"><subfield code="a">NPH</subfield><subfield code="b">eng</subfield><subfield code="c">NPH</subfield></datafield><datafield ind1="1" ind2=" " tag="029"><subfield code="a">AU@</subfield><subfield code="b">000025812007</subfield></datafield><datafield ind1=" " ind2=" " tag="042"><subfield code="a">msc</subfield></datafield><datafield ind1="0" ind2=" " tag="130"><subfield code="a">Record (White Haven, Pa. : 1923)</subfield></datafield><datafield ind1="0" ind2="0" tag="245"><subfield code="a">Record.</subfield></datafield><datafield ind1=" " ind2=" " tag="260"><subfield code="a">White Haven, Pa. :</subfield><subfield code="b">Record Print. Co.,</subfield><subfield code="c">1923-1928.</subfield></datafield><datafield ind1=" " ind2=" " tag="300"><subfield code="a">6 v. :</subfield><subfield code="b">ill. ;</subfield><subfield code="c">60 cm.</subfield></datafield><datafield ind1=" " ind2=" " tag="310"><subfield code="a">Weekly</subfield></datafield><datafield ind1="0" ind2=" " tag="362"><subfield code="a">Vol. 1, no. 1 (Apr. 20, 1923)-v. 6, no. 1 (Apr. 20, 1928).</subfield></datafield><datafield ind1=" " ind2=" " tag="500"><subfield code="a">Published every Friday.</subfield></datafield><datafield ind1=" " ind2=" " tag="500"><subfield code="a">Editors: G.R. Baetz and Robert Teel.</subfield></datafield><datafield ind1=" " ind2=" " tag="752"><subfield code="a">United States</subfield><subfield code="b">Pennsylvania</subfield><subfield code="c">Luzerne</subfield><subfield code="d">White Haven.</subfield></datafield><datafield ind1="0" ind2="0" tag="785"><subfield code="t">White Haven record (White Haven, Pa. : 1928)</subfield><subfield code="w">(DLC)sn 87080225</subfield></datafield></record>